%YAML 1.1
%TAG !u! tag:unity3d.com,2011:
--- !u!1 &6119443261714755714
GameObject:
  m_ObjectHideFlags: 0
  m_CorrespondingSourceObject: {fileID: 0}
  m_PrefabInstance: {fileID: 0}
  m_PrefabAsset: {fileID: 0}
  serializedVersion: 6
  m_Component:
  - component: {fileID: 4039895620435862381}
  - component: {fileID: 2947883076379260917}
  - component: {fileID: 8777889931734130349}
  - component: {fileID: 172946071}
  - component: {fileID: 172946073}
  - component: {fileID: 2243062752882541609}
  - component: {fileID: 1008438891}
  m_Layer: 0
  m_Name: Game
  m_TagString: Untagged
  m_Icon: {fileID: 0}
  m_NavMeshLayer: 0
  m_StaticEditorFlags: 0
  m_IsActive: 1
--- !u!4 &4039895620435862381
Transform:
  m_ObjectHideFlags: 0
  m_CorrespondingSourceObject: {fileID: 0}
  m_PrefabInstance: {fileID: 0}
  m_PrefabAsset: {fileID: 0}
  m_GameObject: {fileID: 6119443261714755714}
  m_LocalRotation: {x: 0, y: 0, z: 0, w: 1}
  m_LocalPosition: {x: 0, y: 0, z: 0}
  m_LocalScale: {x: 1, y: 1, z: 1}
  m_Children: []
  m_Father: {fileID: 0}
  m_RootOrder: 0
  m_LocalEulerAnglesHint: {x: 0, y: 0, z: 0}
--- !u!114 &2947883076379260917
MonoBehaviour:
  m_ObjectHideFlags: 0
  m_CorrespondingSourceObject: {fileID: 0}
  m_PrefabInstance: {fileID: 0}
  m_PrefabAsset: {fileID: 0}
  m_GameObject: {fileID: 6119443261714755714}
  m_Enabled: 1
  m_EditorHideFlags: 0
  m_Script: {fileID: 11500000, guid: c7bbf45450747a546a547c182c53c6a1, type: 3}
  m_Name: 
  m_EditorClassIdentifier: 
  _mainTime: 0
  player: {fileID: 0}
  mainHouse: {fileID: 0}
  enemyTypes:
  - {fileID: 5232687744952467014, guid: 0948dd1d576bc1d4284380e6a3aeb84f, type: 3}
  - {fileID: 5232687744952467014, guid: 2fddbf86ab281a041a347c01a38bab4a, type: 3}
  - {fileID: 5232687744952467014, guid: 5313e0604f3448c4b8d6b4cd60244971, type: 3}
  - {fileID: 2840108202612936460, guid: beb8058b5995ee64c8bcff5d912b8977, type: 3}
  enemySpawners:
  - {fileID: 0}
  - {fileID: 0}
  - {fileID: 0}
  - {fileID: 0}
  weaponPlacesToShoot:
  - {fileID: 0}
  - {fileID: 0}
  - {fileID: 0}
  weaponPlacesToBuild:
  - {fileID: 0}
  - {fileID: 0}
  - {fileID: 0}
  - {fileID: 0}
  - {fileID: 0}
  - {fileID: 0}
  - {fileID: 0}
  - {fileID: 0}
  towersType:
  - {fileID: 8844248681666346568, guid: b452e9466d0f1404ca9c87ec568ce9ac, type: 3}
  - {fileID: 3987104658828047981, guid: fb18b16759bb7c44c8c6f6c1341b0714, type: 3}
  - {fileID: 3987104658828047981, guid: 6be0b5993ff25d44181d20c338d518bb, type: 3}
  - {fileID: 8758151191755347959, guid: 5207cde74d7f243419e9a45d9c4fb539, type: 3}
  towerSpawners: []
  fontTemplate: {fileID: 11400000, guid: 1beb3c2643c893a4581d0fb93458997f, type: 2}
  _towerSpawnButtonPrefab: {fileID: 2796747132987956407, guid: 8dee6ee9736c4b144bca6e1647213fb4,
    type: 3}
  _towerButtonsParents: {fileID: 0}
  _towerUpgradeButtonPrefab: {fileID: 4063379719678168562, guid: 74d1fcc343ba44f4bb899e664284823d,
    type: 3}
  _towerDestroyButtonPrefab: {fileID: 6456786576360846505, guid: ca08a7d0ea92ca648a69af526f9eb81e,
    type: 3}
  _houseAndPlayerUpgradeButtonPrefab: {fileID: 1574342266247304579, guid: ceb689873105a9d4383083b854c892f0,
    type: 3}
  resourcesParent: {fileID: 0}
  levelManager: {fileID: 0}
  uiController: {fileID: 0}
  lastTowerSpawner: {fileID: 0}
  lastTower: {fileID: 0}
  money: {fileID: 0}
--- !u!114 &8777889931734130349
MonoBehaviour:
  m_ObjectHideFlags: 0
  m_CorrespondingSourceObject: {fileID: 0}
  m_PrefabInstance: {fileID: 0}
  m_PrefabAsset: {fileID: 0}
  m_GameObject: {fileID: 6119443261714755714}
  m_Enabled: 1
  m_EditorHideFlags: 0
  m_Script: {fileID: 11500000, guid: a9784ed67c31a3c41975e80dc67f9da6, type: 3}
  m_Name: 
  m_EditorClassIdentifier: 
--- !u!114 &172946071
MonoBehaviour:
  m_ObjectHideFlags: 0
  m_CorrespondingSourceObject: {fileID: 0}
  m_PrefabInstance: {fileID: 0}
  m_PrefabAsset: {fileID: 0}
  m_GameObject: {fileID: 6119443261714755714}
  m_Enabled: 1
  m_EditorHideFlags: 0
  m_Script: {fileID: 11500000, guid: 7a5ac11cc976e418e8d13136b07e1f52, type: 3}
  m_Name: 
  m_EditorClassIdentifier: 
  m_AgentTypeID: -1372625422
  m_CollectObjects: 0
  m_Size: {x: 10, y: 10, z: 10}
  m_Center: {x: 0, y: 2, z: 0}
  m_LayerMask:
    serializedVersion: 2
    m_Bits: 4294967295
  m_UseGeometry: 0
  m_DefaultArea: 0
  m_IgnoreNavMeshAgent: 1
  m_IgnoreNavMeshObstacle: 1
  m_OverrideTileSize: 0
  m_TileSize: 256
  m_OverrideVoxelSize: 0
  m_VoxelSize: 0.16666667
  m_BuildHeightMesh: 0
  m_NavMeshData: {fileID: 23800000, guid: 6d386ed7ed8d38d4b9e0182d7a5c5311, type: 2}
--- !u!114 &172946073
MonoBehaviour:
  m_ObjectHideFlags: 0
  m_CorrespondingSourceObject: {fileID: 0}
  m_PrefabInstance: {fileID: 0}
  m_PrefabAsset: {fileID: 0}
  m_GameObject: {fileID: 6119443261714755714}
  m_Enabled: 1
  m_EditorHideFlags: 0
  m_Script: {fileID: 11500000, guid: 7a5ac11cc976e418e8d13136b07e1f52, type: 3}
  m_Name: 
  m_EditorClassIdentifier: 
  m_AgentTypeID: 0
  m_CollectObjects: 0
  m_Size: {x: 10, y: 10, z: 10}
  m_Center: {x: 0, y: 2, z: 0}
  m_LayerMask:
    serializedVersion: 2
    m_Bits: 4294967295
  m_UseGeometry: 0
  m_DefaultArea: 0
  m_IgnoreNavMeshAgent: 1
  m_IgnoreNavMeshObstacle: 1
  m_OverrideTileSize: 0
  m_TileSize: 256
  m_OverrideVoxelSize: 0
  m_VoxelSize: 0.16666667
  m_BuildHeightMesh: 0
  m_NavMeshData: {fileID: 23800000, guid: 61af12229490ddb4b88e1f4ef61082e4, type: 2}
--- !u!114 &2243062752882541609
MonoBehaviour:
  m_ObjectHideFlags: 0
  m_CorrespondingSourceObject: {fileID: 0}
  m_PrefabInstance: {fileID: 0}
  m_PrefabAsset: {fileID: 0}
  m_GameObject: {fileID: 6119443261714755714}
  m_Enabled: 1
  m_EditorHideFlags: 0
  m_Script: {fileID: 11500000, guid: f62cba54ab969f04e8392211dc5ba024, type: 3}
  m_Name: 
  m_EditorClassIdentifier: 
--- !u!114 &1008438891
MonoBehaviour:
  m_ObjectHideFlags: 0
  m_CorrespondingSourceObject: {fileID: 0}
  m_PrefabInstance: {fileID: 0}
  m_PrefabAsset: {fileID: 0}
  m_GameObject: {fileID: 6119443261714755714}
  m_Enabled: 1
  m_EditorHideFlags: 0
  m_Script: {fileID: 11500000, guid: 2ca66ef8a0f1c5642bc4c3083005ec2c, type: 3}
  m_Name: 
  m_EditorClassIdentifier: 
  mixer: {fileID: 24300002, guid: 00233ebb6dc862a48be370b7ee676ca1, type: 2}
  bgAudio: {fileID: 0}
  bgMusic: {fileID: 8300000, guid: d9ea7a97eb63c2340a1f0abf513cb1ac, type: 3}
